@book{Castellet1994AlgebraLineal,
  author    = {Manuel Castellet\normalfont{,} Irene Llerena},
  title     = {Álgebra lineal y geometría},
  year      = {1994},
  publisher = {Editorial Reverté}
}
@book{Peña2002AnalisisDatos,
  author    = {Daniel Peña},
  title     = {Análisis de datos multivariantes},
  year      = {2002},
  publisher = {Editorial McGrawHill}
}
@book{Apostol1985Calculus,
  author    = {Tom M. Apostol},
  title     = {Calculus. Volumen 2, segunda edición},
  year      = {1985},
  publisher = {Editorial Reverté S.A.}
}
@book{Apostol1972Analisis,
  author    = {Tom M. Apostol},
  title     = {Análisis matemático, segunda edición},
  year      = {1972},
  publisher = {Editorial Reverté S.A.}
}